@online{ibmreport,
    url={https://www.ibm.com/watson/resources/ai-adoption},
    lastaccessed={August 26, 2022},
    title={IBM Global AI Adoption Index 2022},
    author={IBM},
    year={2022},
}

% model testing

@article{ml_testing,  
  author={Zhang, Jie M. and Harman, Mark and Ma, Lei and Liu, Yang},  
  journal={IEEE Transactions on Software Engineering},   
  title={Machine Learning Testing: Survey, Landscapes and Horizons},   
  year={2022},  
  volume={48},  
  number={1},  
  pages={1-36}, 
}

@inproceedings{Pei2017,
 author = {Pei, Kexin and Cao, Yinzhi and Yang, Junfeng and Jana, Suman},
 title = {DeepXplore: Automated Whitebox Testing of Deep Learning Systems},
 year = {2017},
 booktitle = {Proceedings of the 26th Symposium on Operating Systems Principles},
 pages = {1–18},
}

@inproceedings{Tian2018,
author = {Tian, Yuchi and Pei, Kexin and Jana, Suman and Ray, Baishakhi},
title = {DeepTest: Automated Testing of Deep-Neural-Network-Driven Autonomous Cars},
year = {2018},
booktitle = {Proceedings of the 40th International Conference on Software Engineering},
pages = {303–314},
}

@inproceedings{Sun2018,
author = {Sun, Youcheng and Wu, Min and Ruan, Wenjie and Huang, Xiaowei and Kwiatkowska, Marta and Kroening, Daniel},
title = {Concolic Testing for Deep Neural Networks},
year = {2018},
booktitle = {Proceedings of the 33rd ACM/IEEE International Conference on Automated Software Engineering},
pages = {109–119},
}

@inproceedings{Aggarwal2019,
author = {Aggarwal, Aniya and Lohia, Pranay and Nagar, Seema and Dey, Kuntal and Saha, Diptikalyan},
title = {Black Box Fairness Testing of Machine Learning Models},
year = {2019},
booktitle = {Proceedings of the 2019 27th ACM Joint Meeting on European Software Engineering Conference and Symposium on the Foundations of Software Engineering},
pages = {625–635},
}

@inproceedings{Kim2019,
author = {Kim, Jinhan and Feldt, Robert and Yoo, Shin},
title = {Guiding Deep Learning System Testing Using Surprise Adequacy},
year = {2019},
booktitle = {Proceedings of the 41st International Conference on Software Engineering},
pages = {1039–1049},
}

@inproceedings{Zhang2020,
author = {Zhang, Peixin and Wang, Jingyi and Sun, Jun and Dong, Guoliang and Wang, Xinyu and Wang, Xingen and Dong, Jin Song and Dai, Ting},
title = {White-Box Fairness Testing through Adversarial Sampling},
year = {2020},
booktitle = {Proceedings of the ACM/IEEE 42nd International Conference on Software Engineering},
pages = {949–960},
}

@inproceedings{Feng2020,
author = {Feng, Yang and Shi, Qingkai and Gao, Xinyu and Wan, Jun and Fang, Chunrong and Chen, Zhenyu},
title = {DeepGini: Prioritizing Massive Tests to Enhance the Robustness of Deep Neural Networks},
year = {2020},
booktitle = {Proceedings of the 29th ACM SIGSOFT International Symposium on Software Testing and Analysis},
pages = {177–188},
}

@INPROCEEDINGS{Dola2021,  
  author={Dola, Swaroopa and Dwyer, Matthew B. and Soffa, Mary Lou},  
  booktitle={Proceedings of the IEEE/ACM 43rd International Conference on Software Engineering},   
  title={Distribution-Aware Testing of Neural Networks Using Generative Models},   
  year={2021},  
  pages={226-237},  
}

@inproceedings{Paulsen2020a,
author = {Paulsen, Brandon and Wang, Jingbo and Wang, Jiawei and Wang, Chao},
title = {NeuroDiff: Scalable Differential Verification of Neural Networks Using Fine-Grained Approximation},
year = {2020},
booktitle = {Proceedings of the 35th IEEE/ACM International Conference on Automated Software Engineering},
pages = {784–796},
}

@inproceedings{Toledo2021,
author = {Toledo, Felipe and Shriver, David and Elbaum, Sebastian and Dwyer, Matthew B.},
title = {Distribution Models for Falsification and Verification of DNNs},
year = {2021},
booktitle = {Proceedings of the 36th IEEE/ACM International Conference on Automated Software Engineering},
pages = {317–329},
}

@inproceedings{Paulsen2020b,
author = {Paulsen, Brandon and Wang, Jingbo and Wang, Chao},
title = {ReluDiff: Differential Verification of Deep Neural Networks},
year = {2020},
booktitle = {Proceedings of the ACM/IEEE 42nd International Conference on Software Engineering},
pages = {714–726},
}

@inproceedings{Baluta2021,
author = {Baluta, Teodora and Chua, Zheng Leong and Meel, Kuldeep S. and Saxena, Prateek},
title = {Scalable Quantitative Verification for Deep Neural Networks},
year = {2021},
booktitle = {Proceedings of the 43rd International Conference on Software Engineering: Companion Proceedings},
pages = {248–249},
}

@article{Singh2019,
author = {Singh, Gagandeep and Gehr, Timon and P\"{u}schel, Markus and Vechev, Martin},
title = {An Abstract Domain for Certifying Neural Networks},
year = {2019},
volume = {3},
number = {POPL},
journal = {Proc. ACM Program. Lang.},
pages = {1-30},
}

@inproceedings{Ma2018,
author = {Ma, Shiqing and Liu, Yingqi and Lee, Wen-Chuan and Zhang, Xiangyu and Grama, Ananth},
title = {MODE: Automated Neural Network Model Debugging via State Differential Analysis and Input Selection},
year = {2018},
booktitle = {Proceedings of the 2018 26th ACM Joint Meeting on European Software Engineering Conference and Symposium on the Foundations of Software Engineering},
pages = {175–186},
}

@inproceedings{Li2020,
author = {Li, Zenan and Ma, Xiaoxing and Xu, Chang and Xu, Jingwei and Cao, Chun and L\"{u}, Jian},
title = {Operational Calibration: Debugging Confidence Errors for DNNs in the Field},
year = {2020},
booktitle = {Proceedings of the 28th ACM Joint Meeting on European Software Engineering Conference and Symposium on the Foundations of Software Engineering},
pages = {901–913},
}

@InProceedings{odena19a,
  title = 	 {{T}ensor{F}uzz: Debugging Neural Networks with Coverage-Guided Fuzzing},
  author =       {Odena, Augustus and Olsson, Catherine and Andersen, David and Goodfellow, Ian},
  booktitle = 	 {Proceedings of the 36th International Conference on Machine Learning},
  pages = 	 {4901-4911},
  year = 	 {2019},
}

@inproceedings{Tao2020,
author = {Tao, Guanhong and Ma, Shiqing and Liu, Yingqi and Xu, Qiuling and Zhang, Xiangyu},
title = {TRADER: Trace Divergence Analysis and Embedding Regulation for Debugging Recurrent Neural Networks},
year = {2020},
booktitle = {Proceedings of the ACM/IEEE 42nd International Conference on Software Engineering},
pages = {986–998},
}


% system level research

@online{Christian2022,
    url={https://ckaestne.medium.com/machine-learning-in-production-from-models-to-systems-e1422ec7cd65},
    lastaccessed={August 26, 2022},
    title={Machine Learning in Production: From Models to Systems},
    author={Christian K{\"{a}}stner},
    year={2022},
}

@inproceedings{pengFirstLookIntegration2020,
  title = {A First Look at the Integration of Machine Learning Models in Complex Autonomous Driving Systems: A Case Study on Apollo},
  shorttitle = {A First Look at the Integration of Machine Learning Models in Complex Autonomous Driving Systems},
  booktitle = {Proceedings of the 28th ACM Joint Meeting on European Software Engineering Conference and Symposium on the Foundations of Software Engineering},
  author = {Peng, Zi and Yang, Jinqiu and Chen, Tse-Hsun (Peter) and Ma, Lei},
  pages = {1240-1250},
}

@INPROCEEDINGS{Zhang2016,  
 author={Zhang, Jihu and Jing, Xiaochuan and Zhang, Wei and Wang, Haipeng and Dong, Yunwei},  
 booktitle={Proceedings of the International Symposium on System and Software Reliability},   
 title={Improve the Quality of ARC Systems Based on the Metamorphic Testing},   
 year={2016},  
 pages={137-141},
}

@INPROCEEDINGS{Nahar2022,  
 author={Nahar, Nadia and Zhou, Shurui and Lewis, Grace and Kästner, Christian},  
 booktitle={Proceedings of the IEEE/ACM 44th International Conference on Software Engineering},   
 title={Collaboration Challenges in Building ML-Enabled Systems: Communication, Documentation, Engineering, and Process},   
 year={2022},  
 pages={413-425},  
}

@inproceedings{Katie2020,
title	= {Common problems with Creating Machine Learning Pipelines from Existing Code},
author	= {Katie O'Leary and Makoto Uchida},
booktitle={Proceedings of the Third Conference on Machine Learning and Systems},
year	= {2020},
}

@inproceedings{Bernardi2019,
author = {Bernardi, Lucas and Mavridis, Themistoklis and Estevez, Pablo},
title = {150 Successful Machine Learning Models: 6 Lessons Learned at Booking.Com},
year = {2019},
booktitle = {Proceedings of the 25th ACM SIGKDD International Conference on Knowledge Discovery \& Data Mining},
pages = {1743–1751},
}

@INPROCEEDINGS{Yokoyama2019,  
 author={Yokoyama, Haruki},  
 booktitle={Proceedings of the IEEE International Conference on Software Architecture Companion},   
 title={Machine Learning System Architectural Pattern for Improving Operational Stability},   
 year={2019},  
 pages={267-274},  
}

@INPROCEEDINGS{Serban2022,  
 author={Serban, Alex and Visser, Joost},  
 booktitle={Proceedings of the IEEE International Conference on Software Analysis, Evolution and Reengineering},   
 title={Adapting Software Architectures to Machine Learning Challenges},   
 year={2022},  
 pages={152-163},  
}

@inproceedings{Abdessalem2018,
author = {Abdessalem, Raja Ben and Panichella, Annibale and Nejati, Shiva and Briand, Lionel C. and Stifter, Thomas},
title = {Testing Autonomous Cars for Feature Interaction Failures Using Many-Objective Search},
year = {2018},
booktitle = {Proceedings of the 33rd ACM/IEEE International Conference on Automated Software Engineering},
pages = {143–154},
}

@ARTICLE{feature_interaction,  
 author={Apel, Sven and Kästner, Christian and Kang, Eunsuk},  
 journal={IEEE Software},   
 title={Feature Interactions on Steroids: On the Composition of ML Models},   
 year={2022},  
 volume={39},  
 number={3},  
 pages={120-124},  
}

@inproceedings{fix_that_fails,
  author    = {Ruihan Wu and Chuan Guo and Awni Y. Hannun and Laurens van der Maaten},
  title     = {Fixes That Fail: Self-Defeating Improvements in Machine-Learning Systems},
  booktitle = {Proceedings of the 35th Conference on Neural Information Processing Systems},
  pages     = {11745-11756},
  year      = {2021},
}

@inproceedings{Amershi2019,
author = {Amershi, Saleema and Begel, Andrew and Bird, Christian and DeLine, Robert and Gall, Harald and Kamar, Ece and Nagappan, Nachiappan and Nushi, Besmira and Zimmermann, Thomas},
title = {Software Engineering for Machine Learning: A Case Study},
year = {2019},
booktitle = {Proceedings of the 41st International Conference on Software Engineering: Software Engineering in Practice},
pages = {291-300},
}

@inproceedings{Abdessalem2020,
author = {Abdessalem, Raja Ben and Panichella, Annibale and Nejati, Shiva and Briand, Lionel C. and Stifter, Thomas},
title = {Automated Repair of Feature Interaction Failures in Automated Driving Systems},
year = {2020},
booktitle = {Proceedings of the 29th ACM SIGSOFT International Symposium on Software Testing and Analysis},
pages = {88-100},
}

@inproceedings{tang2021empirical,
  title={An empirical study of refactorings and technical debt in Machine Learning systems},
  author={Tang, Yiming and Khatchadourian, Raffi and Bagherzadeh, Mehdi and Singh, Rhia and Stewart, Ajani and Raja, Anita},
  booktitle={Proceedings of the IEEE/ACM 43rd International Conference on Software Engineering},
  pages={238-250},
  year={2021},
}

@inproceedings{nushi2017human,
  title={On human intellect and machine failures: Troubleshooting integrative machine learning systems},
  author={Nushi, Besmira and Kamar, Ece and Horvitz, Eric and Kossmann, Donald},
  booktitle={Proceedings of the Thirty-First AAAI Conference on Artificial Intelligence},
  year={2017},
  pages={1017-1025},
}

%%

@inproceedings{multiwoz,
    title = {MultiWOZ - A Large-Scale Multi-Domain Wizard-of-Oz Dataset for Task-Oriented Dialogue Modelling},
    author = {Budzianowski, Pawe{\l}  and Wen, Tsung-Hsien and Tseng, Bo-Hsiang and Casanueva, I{\~n}igo and Ultes, Stefan and Ramadan, Osman and Ga{\v{s}}i{\'c}, Milica},
    booktitle = {Proceedings of the Conference on Empirical Methods in Natural Language Processing},
    year = {2018},
    pages = {5016-5026},
}

@article{zhang2020recent,
  title={Recent advances and challenges in task-oriented dialog systems},
  author={Zhang, Zheng and Takanobu, Ryuichi and Zhu, Qi and Huang, MinLie and Zhu, XiaoYan},
  journal={Science China Technological Sciences},
  volume={63},
  number={10},
  pages={2011-2027},
  year={2020},
}

@article{williams2016dialogstate,
author = {Williams, Jason and Raux, Antoine and Henderson, Matthew},
title = {The Dialog State Tracking Challenge Series: A Review},
year = {2016},
volume={7},
number={3},
pages={4-33},
journal = {Dialogue \& Discourse},
}

@inproceedings{wen-etal-2015-semantically,
    title = "Semantically Conditioned {LSTM}-based Natural Language Generation for Spoken Dialogue Systems",
    author = "Wen, Tsung-Hsien  and Ga{\v{s}}i{\'c}, Milica  and Mrk{\v{s}}i{\'c}, Nikola  and Su, Pei-Hao  and Vandyke, David  and Young, Steve",
    booktitle = "Proceedings of the Conference on Empirical Methods in Natural Language Processing",
    year = "2015",
    pages = "1711-1721",
}

@ARTICLE{mutation_survey,
  author={Jia, Yue and Harman, Mark},
  journal={IEEE Transactions on Software Engineering}, 
  title={An Analysis and Survey of the Development of Mutation Testing}, 
  year={2011},
  volume={37},
  number={5},
  pages={649-678},
}

@INPROCEEDINGS{JiaMutation,
  author={Jia, Li and Zhong, Hao and Wang, Xiaoyin and Huang, Linpeng and Li, Zexuan},
  booktitle={Proceedings of the IEEE International Conference on Software Analysis, Evolution and Reengineering}, 
  title={How Do Injected Bugs Affect Deep Learning?}, 
  year={2022},
  pages={793-804},
}

@INPROCEEDINGS{LibJiaMutation,
  author={Jia, Li and Zhong, Hao and Huang, Linpeng},
  booktitle={Proceedings of the IEEE International Conference on Software Maintenance and Evolution}, 
  title={The Unit Test Quality of Deep Learning Libraries: A Mutation Analysis}, 
  year={2021},
  pages={47-57},
}

@INPROCEEDINGS{DeepMutation,
  author={Ma, Lei and Zhang, Fuyuan and Sun, Jiyuan and Xue, Minhui and Li, Bo and Juefei-Xu, Felix and Xie, Chao and Li, Li and Liu, Yang and Zhao, Jianjun and Wang, Yadong},
  booktitle={Proceedings of the IEEE 29th International Symposium on Software Reliability Engineering}, 
  title={DeepMutation: Mutation Testing of Deep Learning Systems}, 
  year={2018},
  pages={100-111},
}

@INPROCEEDINGS{DeepMutation++,
  author={Hu, Qiang and Ma, Lei and Xie, Xiaofei and Yu, Bing and Liu, Yang and Zhao, Jianjun},
  booktitle={Proceedings of the 34th IEEE/ACM International Conference on Automated Software Engineering}, 
  title={DeepMutation++: A Mutation Testing Framework for Deep Learning Systems}, 
  year={2019},
  pages={1158-1161},
}

@inproceedings{DeepCrime,
author = {Humbatova, Nargiz and Jahangirova, Gunel and Tonella, Paolo},
title = {DeepCrime: Mutation Testing of Deep Learning Systems Based on Real Faults},
booktitle={Proceedings of the 30th ACM SIGSOFT International Symposium on Software Testing and Analysis},
year = {2021},
pages = {67–78},
}

@INPROCEEDINGS{mutation_ml_relection, 
author={Panichella, Annibale and Liem, Cynthia C. S.},  
booktitle={Proceedings of the IEEE/ACM 43rd International Conference on Software Engineering: New Ideas and Emerging Results},   
title={What Are We Really Testing in Mutation Testing for Machine Learning? A Critical Reflection},   
year={2021},  
pages={66-70}, 
}

@INPROCEEDINGS{mutation_evaluation,  
author={Jahangirova, Gunel and Tonella, Paolo},  
booktitle={Proceedings of the IEEE 13th International Conference on Software Testing, Validation and Verification},   
title={An Empirical Evaluation of Mutation Operators for Deep Learning Systems},   
year={2020},  
pages={74-84},  
}

@article{rasa,
  author    = {Tom Bocklisch and Joey Faulkner and Nick Pawlowski and  Alan Nichol},
  title     = {Rasa: Open Source Language Understanding and Dialogue Management},
  journal   = {CoRR},
  volume    = {abs/1712.05181},
  year      = {2017},
}

@article{henderson2019convert,
  title={ConveRT: Efficient and accurate conversational representations from transformers},
  author={Henderson, Matthew and Casanueva, I{\~n}igo and Mrk{\v{s}}i{\'c}, Nikola and Su, Pei-Hao and Wen, Tsung-Hsien and Vuli{\'c}, Ivan},
  journal={CoRR},
  volumn={abs/1911.03688},
  year={2019},
}

@article{TED,
  author = {Vladimir Vlasov and Johannes E. M. Mosig and Alan Nichol},
  title = {Dialogue Transformers},
  journal   = {CoRR},
  volume    = {abs/1910.00486},
  year      = {2019},
}

@article{dependency_bug,
  volume = {abs/2207.10347},
  author = {Huang, Kaifeng and Chen, Bihuan and Wu, Susheng and Cao, Junmin and Ma, Lei and Peng, Xin},  
  title = {Demystifying Dependency Bugs in Deep Learning Stack},
  journal = {CoRR},
  year = {2022},
}

@INPROCEEDINGS{supply_chain,
  author={Tan, Xin and Gao, Kai and Zhou, Minghui and Zhang, Li},
  booktitle={Proceedings of the IEEE/ACM 44th International Conference on Software Engineering}, 
  title={An Exploratory Study of Deep learning Supply Chain}, 
  year={2022},
  pages={86-98},
}

@InProceedings{npm_technical_lag,
  author="Zerouali, Ahmed and Constantinou, Eleni and Mens, Tom and Robles, Gregorio and Gonz{\'a}lez-Barahona, Jes{\'u}s",
  title="An Empirical Analysis of Technical Lag in npm Package Dependencies",
  booktitle="Proceedings of the 17th International Conference on Software Reuse",
  year="2018",
  pages="95-110",
}

@INPROCEEDINGS{configurable_system,
  author={Velez, Miguel and Jamshidi, Pooyan and Siegmund, Norbert and Apel, Sven and K{\"{a}}stner, Christian},
  booktitle={Proceedings of the IEEE/ACM 44th International Conference on Software Engineering}, 
  title={On Debugging the Performance of Configurable Software Systems: Developer Needs and Tailored Tool Support}, 
  year={2022},
  pages={1571-1583},
}
  
@article{XinHe2021AutoMLAS,
  title={AutoML: A survey of the state-of-the-art},
  author={Xin He and Kaiyong Zhao and Xiaowen Chu},
  journal={Knowledge Based Systems},
  year={2021},
  volume={212},
}

@article{Foo2019TheDO,
  title={The Dynamics of Software Composition Analysis},
  author={Darius Foo and Jason Yeo and Hao Xiao and Asankhaya Sharma},
  journal={CoRR},
  year={2019},
  volume={abs/1909.00973}
}

@article{Sattler2017LiftingID,
  title={Lifting inter-app data-flow analysis to large app sets},
  author={Florian Sattler and Alexander von Rhein and Thorsten Berger and Niklas Schalck Johansson and Mikael Mark Hard{\o} and Sven Apel},
  journal={Automated Software Engineering},
  year={2017},
  volume={25},
  number = {2},
  pages={315-346},
}

@inproceedings{hidden_technical_debt,
author = {Sculley, D. and Holt, Gary and Golovin, Daniel and Davydov, Eugene and Phillips, Todd and Ebner, Dietmar and Chaudhary, Vinay and Young, Michael and Crespo, Jean-Francois and Dennison, Dan},
title = {Hidden Technical Debt in Machine Learning Systems},
year = {2015},
booktitle = {Proceedings of the 28th International Conference on Neural Information Processing Systems},
pages = {2503–2511},
}

@article{liangAdvancesChallengesOpportunities2022,
	title = {Advances, challenges and opportunities in creating data for trustworthy {AI}},
	journal = {Nature Machine Intelligence},
	author = {Liang, Weixin and Tadesse, Girmaw Abebe and Ho, Daniel and Li, Fei-Fei and Zaharia, Matei and Zhang, Ce and Zou, James},
	year = {2022},
}

@inproceedings{pycg,
author = {Salis, Vitalis and Sotiropoulos, Thodoris and Louridas, Panos and Spinellis, Diomidis and Mitropoulos, Dimitris},
title = {PyCG: Practical Call Graph Generation in Python},
year = {2021},
booktitle = {Proceedings of the 43rd International Conference on Software Engineering},
pages = {1646–1657},
}

@inproceedings{liu2021dialtest,
  title={DialTest: automated testing for recurrent-neural-network-driven dialogue systems},
  author={Liu, Zixi and Feng, Yang and Chen, Zhenyu},
  booktitle={Proceedings of the 30th ACM SIGSOFT International Symposium on Software Testing and Analysis},
  pages={115--126},
  year={2021},
}

@InProceedings{Bozic2018,
author="Bozic, Josip and Wotawa, Franz",
title="Security Testing for Chatbots",
booktitle="Proceedings of the IFIP International Conference on Testing Software and Systems",
year="2018",
pages="33--38",
}

@INPROCEEDINGS{Bozic2019a,  
  author={Bozic, Josip and Tazl, Oliver A. and Wotawa, Franz},  
  booktitle={Proceedings of the IEEE International Conference On Artificial Intelligence Testing},   
  title={Chatbot Testing Using AI Planning},   
  year={2019},  
  pages={37-44}, 
}

@InProceedings{Bozic2019b,
author="Bozic, Josip and Wotawa, Franz",
title="Testing Chatbots Using Metamorphic Relations",
booktitle="Proceedings of the IFIP International Conference on Testing Software and Systems",
year="2019",
pages="41--55",
}

@ARTICLE{interpretability,
  author={Zhang, Yu and Tiňo, Peter and Leonardis, Aleš and Tang, Ke},
  journal={IEEE Transactions on Emerging Topics in Computational Intelligence}, 
  title={A Survey on Neural Network Interpretability}, 
  year={2021},
  volume={5},
  number={5},
  pages={726-742},
}

@inproceedings{abid2022meaningfully,
  title={Meaningfully debugging model mistakes using conceptual counterfactual explanations},
  author={Abid, Abubakar and Yuksekgonul, Mert and Zou, James},
  booktitle={Proceedings of the International Conference on Machine Learning},
  pages={66--88},
  year={2022},
}

@inproceedings{sun2022causality,
  title={Causality-based neural network repair},
  author={Sun, Bing and Sun, Jun and Pham, Long H and Shi, Jie},
  booktitle={Proceedings of the 44th International Conference on Software Engineering},
  pages={338--349},
  year={2022},
}

@online{dask,
    url={https://docs.dask.org/en/stable/},
    lastaccessed={August 26, 2022},
    title={Dask},
    author={Anaconda},
    year={2022},
}

@online{TensorHub,
    url={https://tensorflow.google.cn/hub},
    lastaccessed={August 26, 2022},
    title={TensorHub},
    author={Google},
    year={2022},
}

@online{transformers,
    url={https://huggingface.co/docs/transformers/index},
    lastaccessed={August 26, 2022},
    title={Transformers},
    author={Hugging Face},
    year={2022},
}

@online{duckling,
    url={https://github.com/facebook/duckling/},
    lastaccessed={August 26, 2022},
    title={Duckling},
    author={Facebook},
    year={2022},
}

@online{sklearn,
    url={https://scikit-learn.org/stable/getting\_started.html#transformers-and-pre-processors},
    lastaccessed={August 26, 2022},
    title={Transformers and pre-processors in Scikit-learn},
    author={Scikit-learn},
    year={2022},
}

@online{mutmut,
    url={https://pypi.org/project/mutmut/},
    lastaccessed={August 26, 2022},
    title={Mutmut},
    author={Mutmut},
    year={2022},
}

@inproceedings{chaudhuri-etal-2018-improving,
    title = "Improving Response Selection in Multi-Turn Dialogue Systems by Incorporating Domain Knowledge",
    author = "Chaudhuri, Debanjan  and
      Kristiadi, Agustinus  and
      Lehmann, Jens  and
      Fischer, Asja",
    booktitle = "Proceedings of the 22nd Conference on Computational Natural Language Learning",
    year = "2018",
    pages = "497--507",
}

@article{eddy1996hidden,
  title={Hidden markov models},
  author={Eddy, Sean R},
  journal={Current opinion in structural biology},
  volume={6},
  number={3},
  pages={361--365},
  year={1996},
}



@article{devlin2018bert,
  title={Bert: Pre-training of deep bidirectional transformers for language understanding},
  author={Devlin, Jacob and Chang, Ming-Wei and Lee, Kenton and Toutanova, Kristina},
  journal={arXiv preprint arXiv:1810.04805},
  year={2018}
}


@inproceedings{hu2020gpt,
  title={Gpt-gnn: Generative pre-training of graph neural networks},
  author={Hu, Ziniu and Dong, Yuxiao and Wang, Kuansan and Chang, Kai-Wei and Sun, Yizhou},
  booktitle={Proceedings of the 26th ACM SIGKDD International Conference on Knowledge Discovery \& Data Mining},
  pages={1857--1867},
  year={2020}
}


@article{yang2019xlnet,
  title={Xlnet: Generalized autoregressive pretraining for language understanding},
  author={Yang, Zhilin and Dai, Zihang and Yang, Yiming and Carbonell, Jaime and Salakhutdinov, Russ R and Le, Quoc V},
  journal={Advances in neural information processing systems},
  volume={32},
  year={2019}
}

@online{gpt2,
    url={https://openai.com/blog/tags/gpt-2/},
    lastaccessed={August 26, 2022},
    title={GPT2},
    author={OpenAI},
    year={2022},
}

@misc{xlm,
  url = {https://arxiv.org/abs/1901.07291},
  author = {Lample, Guillaume and Conneau, Alexis},
  title = {Cross-lingual Language Model Pretraining},
  year = {2019},
}

@article{liu2019roberta,
  title={Roberta: A robustly optimized bert pretraining approach},
  author={Liu, Yinhan and Ott, Myle and Goyal, Naman and Du, Jingfei and Joshi, Mandar and Chen, Danqi and Levy, Omer and Lewis, Mike and Zettlemoyer, Luke and Stoyanov, Veselin},
  journal={arXiv preprint arXiv:1907.11692},
  year={2019}
}

@Inbook{Shmilovici2005,
author="Shmilovici, Armin",
and Rokach, Lior",
title="Support Vector Machines",
bookTitle="Data Mining and Knowledge Discovery Handbook",
year="2005",
pages="257--276",
}

@article{fairley1978tutorial,
  title={Tutorial: Static analysis and dynamic testing of computer software},
  author={Fairley, Richard E},
  journal={Computer},
  volume={11},
  number={4},
  pages={14--23},
  year={1978},
}

@INPROCEEDINGS{integration_test,
  author={Leung, H.K.N. and White, L.},
  booktitle={Proceedings. Conference on Software Maintenance 1990}, 
  title={A study of integration testing and software regression at the integration level}, 
  year={1990},
  volume={},
  number={},
  pages={290-301}
  }

  @inproceedings{evans2007differential,
  title={Differential testing: a new approach to change detection},
  author={Evans, Robert B and Savoia, Alberto},
  booktitle={The 6th Joint Meeting on European software engineering conference and the ACM SIGSOFT Symposium on the Foundations of Software Engineering: Companion Papers},
  pages={549--552},
  year={2007}
}

@article{liang2018fuzzing,
  title={Fuzzing: State of the art},
  author={Liang, Hongliang and Pei, Xiaoxiao and Jia, Xiaodong and Shen, Wuwei and Zhang, Jian},
  journal={IEEE Transactions on Reliability},
  volume={67},
  number={3},
  pages={1199--1218},
  year={2018},
}

@inproceedings{mcminn2011search,
  title={Search-based software testing: Past, present and future},
  author={McMinn, Phil},
  booktitle={2011 IEEE Fourth International Conference on Software Testing, Verification and Validation Workshops},
  pages={153--163},
  year={2011},
}

@article{kazmi2017effective,
  title={Effective regression test case selection: A systematic literature review},
  author={Kazmi, Rafaqut and Jawawi, Dayang NA and Mohamad, Radziah and Ghani, Imran},
  journal={ACM Computing Surveys (CSUR)},
  volume={50},
  number={2},
  pages={1--32},
  year={2017},
}

@inproceedings{di2013coverage,
  title={Coverage-based test case prioritisation: An industrial case study},
  author={Di Nardo, Daniel and Alshahwan, Nadia and Briand, Lionel and Labiche, Yvan},
  booktitle={2013 IEEE Sixth International Conference on Software Testing, Verification and Validation},
  pages={302--311},
  year={2013},
}

@online{website,
    url={https://rasasystemcomplexity.github.io/},
    lastaccessed={August 26, 2022},
    title={Understanding the Complexity and Its Impact on Testing in ML-Enabled Systems},
    author={Anonymous},
    year={2022},
}